@misc{ keyexchange:diff-hellman,
   author = "Wikipedia",
   title = "Diffieâ€“Hellman key exchange",
   year = "2017",
   url = "https://en.wikipedia.org/wiki/Diffie%E2%80%93Hellman_key_exchange#Cryptographic_explanation",
   note = "[Online; accessed 9-May-2017]"
 }
 @misc{ cybersecurity:botnets,
   author = "YouTube",
   title = "Botnets",
   year = "2016",
   url = "https://www.youtube.com/watch?v=UVFmC178_Vs",
   note = "[Online; accessed 24-May-2017]"
 }
 @misc{ web:ssl,
   author = "YouTube",
   title = "Secure Web Browsing",
   year = "2016",
   url = "https://youtu.be/E_wX40fQwEA?t=6m15s",
   note = "[Online; accessed 24-May-2017]"
 }
 @misc{ web:darkWeb,
   author = "YouTube",
   title = "Secrets of the Deep Dark Web",
   year = "2016",
   url = "https://www.youtube.com/watch?v=joxQ_XbsPVw",
   note = "[Online; accessed 24-May-2017]"
 }
@misc{software:.net,
    author = {Microsoft},
    title = {Get started with the .NET Framework | Microsoft Docs},
    howpublished = {\url{https://docs.microsoft.com/en-us/dotnet/framework/get-started/index}},
    month = {},
    year = {},
    note = {(Accessed on 08/27/2017)}
}
@misc{software:CLR,
    author = {},
    title = {Overview of the .NET Framework | Microsoft Docs},
    howpublished = {\url{https://docs.microsoft.com/en-us/dotnet/framework/get-started/overview}},
    month = {},
    year = {},
    note = {(Accessed on 08/27/2017)}
}
@misc{software:NETCore,
    author = {},
    title = {.NET Core and Open-Source | Microsoft Docs},
    howpublished = {\url{https://docs.microsoft.com/en-us/dotnet/framework/get-started/net-core-and-open-source}},
    month = {},
    year = {},
    note = {(Accessed on 08/27/2017)}
}
@misc{software:NoSQL,
    author = {},
    title = {NoSQL Databases Explained | MongoDB},
    howpublished = {\url{https://www.mongodb.com/nosql-explained?jmp=footer}},
    month = {},
    year = {},
    note = {(Accessed on 08/28/2017)}
}
@misc{software:MongoDB,
    author = {},
    title = {MongoDB and MySQL Compared | MongoDB},
    howpublished = {\url{https://www.mongodb.com/compare/mongodb-mysql}},
    month = {},
    year = {},
    note = {(Accessed on 08/28/2017)}
}